@article{krause:jmlr08,
title = {Robust Submodular Observation Selection},
author = {Andreas Krause and H. Brendan McMahan and Carlos Guestrin and Anupam Gupta},
journal = {JMLR},
vol = {9},
pages = {2761--2801},
year = {2008}
}

@book{upfal-book,
 author = {Mitzenmacher, Michael and Upfal, Eli},
 title = {Probability and Computing: Randomized Algorithms and Probabilistic Analysis},
 year = {2005},
 publisher = {Cambridge University Press},
 address = {New York, NY, USA},
} 


@article{wolsey:combinatorica82,
author = {L.A. Wolsey},
title = {An analysis of the greedy algorithm for the submodular set covering problem},
journal = {Combinatorica},
vol = {2},
pages = {385â€“393},
year = {1982}
}

@misc{mestre,
author = {J. Mester},
title = {Lecture notes},
note = {\url{http://www.cs.usyd.edu.au/~mestre/class/comp3530/material/w10-min-sub-cover.pdf}}
}

@inproceedings{lucier:kdd15,
 author = {Lucier, Brendan and Oren, Joel and Singer, Yaron},
 title = {Influence at Scale: Distributed Computation of Complex Contagion in Networks},
 booktitle = {Proc. 21th ACM SIGKDD},
 year = {2015},
 isbn = {978-1-4503-3664-2},
 location = {Sydney, NSW, Australia},
 TTTpages = {735--744},
 numpages = {10},
 url = {http://doi.acm.org/10.1145/2783258.2783334},
 doi = {10.1145/2783258.2783334},
 acmid = {2783334},
 TTTpublisher = {ACM},
 TTTaddress = {New York, NY, USA},
 keywords = {distributed computation, influence maximization, mapreduce, social networks, submodular},
}

@InProceedings{kkt-2003,
  Title                    = {Maximizing the Spread of Influence Through a Social Network},
  Author                   = {D. Kempe and J. Kleinberg and E. Tardos},
  Booktitle                = {Proc. ACM KDD},
  Year                     = {2003},
  Pages                    = {137--146},
  Location                 = {Washington, DC}
}

@article{v011a004,
 author = {Kempe, David and Kleinberg, Jon and Tardos, \'{E}va},
 title = {Maximizing the Spread of Influence through a Social Network},
 year = {2015},
 pages = {105--147},
 doi = {10.4086/toc.2015.v011a004},
 publisher = {Theory of Computing},
 journal = {Theory of Computing},
 volume = {11},
 number = {4},
 URL = {http://www.theoryofcomputing.org/articles/v011a004},
}

@misc{snapnets,
  author       = {Jure Leskovec and Andrej Krevl},
  title        = {{SNAP Datasets}: {Stanford} Large Network Dataset Collection},
  howpublished = {\url{http://snap.stanford.edu/data}},
  month        = jun,
  year         = 2014
}

@Book{ek-2010,
  Title                    = {{Networks, Crowds and Markets: Reasoning About A Highly
 Connected World}},
  Author                   = {D. Easley and J. Kleinberg},
  Publisher                = {Cambridge University Press},
  Year                     = {2010},
  Address                  = {New York, NY}
}

@inproceedings{zhang:kdd14,
 author = {Zhang, Peng and Chen, Wei and Sun, Xiaoming and Wang, Yajun and Zhang, Jialin},
 title = {Minimizing Seed Set Selection with Probabilistic Coverage Guarantee in a Social Network},
 booktitle = {Proc. 20th ACM KDD},
 TTTseries = {KDD '14},
 year = {2014},
 isbn = {978-1-4503-2956-9},
 location = {New York, New York, USA},
 TTTpages = {1306--1315},
 numpages = {10},
}

@inproceedings{chen2010scalable,
  title={Scalable influence maximization for prevalent viral marketing in large-scale social networks},
  author={Chen, Wei and Wang, Chi and Wang, Yajun},
  booktitle={Proc. 16th ACM SIGKDD},
  pages={1029--1038},
  year={2010},
  organization={ACM}
}

@inproceedings{borgs2014maximizing,
  title={Maximizing social influence in nearly optimal time},
  author={Borgs, Christian and Brautbar, Michael and Chayes, Jennifer and Lucier, Brendan},
  booktitle={Proc. of 25th ACM-SIAM SDA},
  pages={946--957},
  year={2014},
  organization={SIAM}
}

@inproceedings{tang2014influence,
  title={Influence maximization: Near-optimal time complexity meets practical efficiency},
  author={Tang, Youze and Xiao, Xiaokui and Shi, Yanchen},
  booktitle={Proc. 2014 ACM SIGMOD},
  pages={75--86},
  year={2014},
  organization={ACM}
}

@inproceedings{tang2015influence,
  title={Influence maximization in near-linear time: A martingale approach},
  author={Tang, Youze and Shi, Yanchen and Xiao, Xiaokui},
  booktitle={Proc. 2015 ACM SIGMOD},
  TTTpages={1539--1554},
  year={2015},
  TTTorganization={ACM}
}

@inproceedings{nguyen2016stop,
  title={Stop-and-stare: Optimal sampling algorithms for viral marketing in billion-scale networks},
  author={Nguyen, Hung T and Thai, My T and Dinh, Thang N},
  booktitle={Proc. 2016 ICMD},
  pages={695--710},
  year={2016},
  organization={ACM}
}

@article{chen2009approximability,
  title={On the approximability of influence in social networks},
  author={Chen, Ning},
  journal={SIAM Journal on Discrete Mathematics},
  volume={23},
  number={3},
  pages={1400--1415},
  year={2009},
  publisher={SIAM}
}

@inproceedings{goldberg2013diffusion,
  title={The diffusion of networking technologies},
  author={Goldberg, Sharon and Liu, Zhenming},
  booktitle={Proc. 24th ACM-SIAM SDA},
  TTTpages={1577--1594},
  year={2013},
  TTTorganization={Society for Industrial and Applied Mathematics}
}

@article{dinh2014cost,
  title={Cost-effective viral marketing for time-critical campaigns in large-scale social networks},
  author={Dinh, Thang N and Zhang, Huiyuan and Nguyen, Dzung T and Thai, My T},
  journal={IEEE/ACM Transactions on Networking (ToN)},
  volume={22},
  number={6},
  pages={2001--2011},
  year={2014},
  publisher={IEEE Press}
}

@inproceedings{chen2012time,
  title={Time-critical influence maximization in social networks with time-delayed diffusion process},
  author={Chen, Wei and Lu, Wei and Zhang, Ning},
  booktitle={Proc. AAAI},
  CMTvolume={2012},
  CMTXpages={1--5},
  year={2012}
}

@inproceedings{du2013scalable,
  title={Scalable influence estimation in continuous-time diffusion networks},
  author={Du, Nan and Song, Le and Rodriguez, Manuel Gomez and Zha, Hongyuan},
  booktitle={Advances in neural information processing systems},
  TTTpages={3147--3155},
  year={2013}
}

@article{tong2017adaptive,
  title={Adaptive influence maximization in dynamic social networks},
  author={Tong, Guangmo and Wu, Weili and Tang, Shaojie and Du, Ding-Zhu},
  journal={IEEE/ACM Transactions on Networking (TON)},
  volume={25},
  number={1},
  pages={112--125},
  year={2017},
  publisher={IEEE Press}
}

@article{goyal2013minimizing,
  title={On minimizing budget and time in influence propagation over social networks},
  author={Goyal, Amit and Bonchi, Francesco and Lakshmanan, Laks VS and Venkatasubramanian, Suresh},
  journal={Social network analysis and mining},
  volume={3},
  number={2},
  pages={179--192},
  year={2013},
  publisher={Springer}
}

@book{fujishige,
author = {S. Fujishige}, 
title = {Submodular functions and optimization}, 
volume=58, 
publisher = {Elsevier Science}, 
year = 2005
}

@article{fujito2000approximation,
  title={Approximation algorithms for submodular set cover with applications},
  author={Fujito, Toshihiro},
  journal={IEICE Trans. on Information and Systems},
  volume={83},
  number={3},
  pages={480--487},
  year={2000},
  publisher={The Institute of Electronics, Information and Communication Engineers}
}

@book{silverman2018density,
  title={Density estimation for statistics and data analysis},
  author={Silverman, Bernard W},
  year={2018},
  publisher={Routledge}
}

@article{terrell1992variable,
  title={Variable kernel density estimation},
  author={Terrell, George R and Scott, David W},
  journal={The Annals of Statistics},
  pages={1236--1265},
  year={1992},
  publisher={JSTOR}
}

@Article{swamy:sigact06,
  Title                    = {Algorithms Column: Approximation Algorithms for 2-Stage
 Stochastic Optimization Problems},
  Author                   = {C. Swamy and D. Shmoys},
  Journal                  = {SIGACT News},
  Year                     = {2006}
}
